
<record>
  <controlfield tag="001">630160</controlfield>
  <datafield tag="024" ind1="7" ind2=" ">
    <subfield code="a">10.1103/PhysRevLett.92.112301</subfield>
    <subfield code="2">DOI</subfield>
  </datafield>
  <datafield tag="035" ind1=" " ind2=" ">
    <subfield code="a">oai:arXiv.org:nucl-ex/0310004</subfield>
    <subfield code="z">oai:arXiv.org:nucl-ex/0310004</subfield>
    <subfield code="9">arXiv</subfield>
  </datafield>
  <datafield tag="035" ind1=" " ind2=" ">
    <subfield code="z">D04-01545</subfield>
    <subfield code="9">DESY</subfield>
  </datafield>
  <datafield tag="035" ind1=" " ind2=" ">
    <subfield code="a">Adams:2003xp</subfield>
    <subfield code="9">SPIRESTeX</subfield>
  </datafield>
  <datafield tag="035" ind1=" " ind2=" ">
    <subfield code="9">ADS</subfield>
    <subfield code="a">2004PhRvL..92k2301A</subfield>
  </datafield>
  <datafield tag="035" ind1=" " ind2=" ">
    <subfield code="a">in2p3-00020512</subfield>
    <subfield code="9">HAL</subfield>
  </datafield>
  <datafield tag="037" ind1=" " ind2=" ">
    <subfield code="a">nucl-ex/0310004</subfield>
    <subfield code="9">arXiv</subfield>
    <subfield code="c">nucl-ex</subfield>
  </datafield>
  <datafield tag="245" ind1=" " ind2=" ">
    <subfield code="a">Identified particle distributions in pp and Au+Au collisions at s(NN)**(1/2) = 200 GeV</subfield>
  </datafield>
  <datafield tag="710" ind1=" " ind2=" ">
    <subfield code="g">STAR</subfield>
  </datafield>
</record>